%-----------------------------CAPITOLO 1
@book{CG_2007,
    title     = {An Introduction to the Standard Model of Particle Physics},
    author    = {W. N. Cottingham and D. A. Greenwood},
    year      = {2007},
    publisher = {Cambridge University Press},
    address   = {Cambridge},
    edition   = {2nd},
    doi       = {10.1017/9781009401685},
    isbn      = {978-0521852494},
    url       = {https://library.oapen.org/handle/20.500.12657/64010},
    abstract  = {The second edition of this introductory graduate textbook provides a concise yet accessible introduction to the Standard Model. It has been updated to account for the successes of the theory of strong interactions and the observations on matter–antimatter asymmetry. It gives a coherent presentation of the phenomena and theory that describe neutrino mass as well as an account of progress in the theory of strong interactions. The book develops clearly the theoretical concepts from the electromagnetic and weak interactions of leptons and quarks to the strong interactions of quarks. Each chapter ends with problems, with hints to selected problems provided at the end of the book. The mathematical treatments are suitable for graduates in physics, while more sophisticated mathematical ideas are developed in the text and appendices.}
}

@online{Wikimedia_Standard_Model,
    title  = {Standard Model of Elementary Particles},
    author = {Wikimedia Commons},
    year   = {2024},
    url    = {https://commons.wikimedia.org/wiki/File:Standard_Model_of_Elementary_Particles.svg},
    note   = {Accessed: 2024-10-03}
}

@article{ATLAS_2012,
    title     = {Observation of a new particle in the search for the Standard Model Higgs boson with the ATLAS detector at the LHC},
    volume    = {716},
    ISSN      = {0370-2693},
    url       = {http://dx.doi.org/10.1016/j.physletb.2012.08.020},
    DOI       = {10.1016/j.physletb.2012.08.020},
    number    = {1},
    journal   = {Physics Letters B},
    publisher = {Elsevier BV},
    author    = {The ATLAS Collaboration},
    year      = {2012},
    month     = {9},
    pages     = {1--29}
}

@article{CMS_2012,
    title     = {Observation of a new boson at a mass of 125 GeV with the CMS experiment at the LHC},
    volume    = {716},
    ISSN      = {0370-2693},
    url       = {http://dx.doi.org/10.1016/j.physletb.2012.08.021},
    DOI       = {10.1016/j.physletb.2012.08.021},
    number    = {1},
    journal   = {Physics Letters B},
    publisher = {Elsevier BV},
    author    = {The CMS Collaboration},
    year      = {2012},
    month     = {9},
    pages     = {30--61}
}

@article{Englert_1964,
    title     = {Broken Symmetry and the Mass of Gauge Vector Mesons},
    author    = {Englert, F. and Brout, R.},
    journal   = {Phys. Rev. Lett.},
    volume    = {13},
    issue     = {9},
    pages     = {321--323},
    numpages  = {0},
    year      = {1964},
    month     = {8},
    publisher = {American Physical Society},
    doi       = {10.1103/PhysRevLett.13.321},
    url       = {https://link.aps.org/doi/10.1103/PhysRevLett.13.321}
}

@article{Higgs_1964,
    title    = {Broken Symmetries and the Masses of Gauge Bosons},
    author   = {Higgs, Peter W.},
    year     = {1964},
    journal  = {Physical Review Letters},
    volume   = {13},
    number   = {16},
    pages    = {508--509},
    numpages = {0},
    month    = {10},
    doi      = {10.1103/PhysRevLett.13.508},
    url      = {https://link.aps.org/doi/10.1103/PhysRevLett.13.508}
}

@article{GHK_1964,
    title     = {Global Conservation Laws and Massless Particles},
    author    = {Guralnik, G. S. and Hagen, C. R. and Kibble, T. W. B.},
    journal   = {Phys. Rev. Lett.},
    volume    = {13},
    issue     = {20},
    pages     = {585--587},
    numpages  = {0},
    year      = {1964},
    month     = {11},
    publisher = {American Physical Society},
    doi       = {10.1103/PhysRevLett.13.585},
    url       = {https://link.aps.org/doi/10.1103/PhysRevLett.13.585}
}

@thesis{Vitale_1995,
    title     = {$K^0$ e $\Lambda$ in DELPHI per sondare le proprietà di frammentazione nei decadimenti adronici della $Z$},
    url       = {http://hdl.handle.net/10077/11331},
    publisher = {Università degli studi di Trieste},
    author    = {Vitale, Lorenzo},
    year      = {1995}
}

@online{Wikimedia_Quark_Confinement,
    title  = {Quark Confinement},
    author = {Wikimedia Commons},
    year   = {2024},
    url    = {https://commons.wikimedia.org/wiki/File:Quark_confinement.svg},
    note   = {Accessed: 2024-10-01}
}

@book{BGS_2012,
    title     = {Particelle e interazioni fondamentali: Il mondo delle particelle},
    author    = {S. Braibant and G. Giacomelli and M. Spurio},
    year      = {2012},
    publisher = {Springer Milano},
    doi       = {10.1007/978-88-470-2754-1},
    url       = {https://link.springer.com/book/10.1007/978-88-470-2754-1},
    isbn      = {978-88-470-2753-4},
    eisbn     = {978-88-470-2754-1},
    series    = {UNITEXT},
    edition   = {2},
    note      = {Second edition, revised and expanded},
    address   = {Milan, Italy}
}

@inproceedings{Bambah_1989,
    author       = {Bambah, B. A. and Chrin, J. and de Boer, Wim and Fuster, J. A. and Gary, J. W. and Hahn, M. and Khoze, V. and Kittel, E. W. and Lampe, B. and Mättig, P. and Sjöstrand, Torbjörn and Stone, H. and van Eijk, B.},
    title        = {QCD generators for LEP},
    booktitle    = {Z Physics at LEP1: CERN, Geneva, Switzerland 20 - 21 Feb, 8 - 9 May and 4 - 5 Sep 1989. Workshop on Z Physics at LEP1},
    reportNumber = {CERN-TH-5466-89},
    year         = {1989},
    month        = {7},
    pages        = {143-340},
    url          = {https://cds.cern.ch/record/199224},
    doi          = {10.5170/CERN-1989-008-V-3.143},
    organization = {CERN},
    publisher    = {CERN},
    address      = {Geneva},
}

@online{Altarelli_2004,
    title  = {Interazioni fondamentali, Enciclopedia del Novecento},
    author = {Guido Altarelli},
    year   = {2004},
    url    = {https://www.treccani.it/enciclopedia/interazioni-fondamentali_(Enciclopedia-del-Novecento)/},
    note   = {Accessed: 2024-10-03}
}

@book{Wong_1994,
    author    = {Wong, Cheuk-Yin},
    title     = {Introduction to High-Energy Heavy-Ion Collisions},
    publisher = {World Scientific},
    year      = {1994},
    doi       = {10.1142/1128},
    address   = {},
    edition   = {},
    url       = {https://www.worldscientific.com/doi/abs/10.1142/1128},
    eprint    = {https://www.worldscientific.com/doi/pdf/10.1142/1128}
}

@online{Wikipedia_PhasDiagQGP,
    title     = {PhasDiagQGP},
    author    = {Wikimedia Commons},
    year      = {2024},
    url       = {https://en.wikipedia.org/wiki/File:PhasDiagQGP.png},
    note      = {Accessed: 2024-10-04}
}

@article{NA60_2021,
    author        = {The NA60+ Collaboration},
    editor        = {Saito, Naohito},
    collaboration = {NA60+},
    title         = {Study of hard and electromagnetic processes at CERN-SPS energies: an investigation of the high-$\mu_{\mathbf{B}}$ region of the QCD phase diagram with NA60+},
    eprint        = {1812.07948},
    archivePrefix = {arXiv},
    primaryClass  = {nucl-ex},
    doi           = {10.7566/JPSCP.33.011113},
    journal       = {JPS Conf. Proc.},
    volume        = {33},
    pages         = {011113},
    year          = {2021},
    url           = {https://arxiv.org/abs/1812.07948}
}

@inproceedings{Gyulassy_2004_RHIC_QGP,
    author        = {Gyulassy, Miklos},
    title         = {The QGP discovered at RHIC},
    booktitle     = {NATO Advanced Study Institute: Structure and Dynamics of Elementary Matter},
    eprint        = {nucl-th/0403032},
    archivePrefix = {arXiv},
    pages         = {159--182},
    month         = {3},
    year          = {2004},
    primaryClass  = {nucl-th},
    url           = {https://arxiv.org/abs/nucl-th/0403032},
}

@article{ALICE_2024,
    title     = {The ALICE experiment: a journey through QCD},
    volume    = {84},
    ISSN      = {1434-6052},
    url       = {http://dx.doi.org/10.1140/epjc/s10052-024-12935-y},
    DOI       = {10.1140/epjc/s10052-024-12935-y},
    number    = {8},
    journal   = {The European Physical Journal C},
    publisher = {Springer Science and Business Media LLC},
    author    = {The ALICE Collaboration},
    year      = {2024},
    month     = {8}
}

@article{ALICE_2008,
    doi       = {10.1088/1748-0221/3/08/S08002},
    url       = {https://dx.doi.org/10.1088/1748-0221/3/08/S08002},
    year      = {2008},
    month     = {8},
    publisher = {},
    volume    = {3},
    number    = {08},
    pages     = {S08002},
    author    = {The ALICE Collaboration},
    title     = {The ALICE experiment at the CERN LHC},
    journal   = {Journal of Instrumentation},
    abstract  = {ALICE (A Large Ion Collider Experiment) is a general-purpose, heavy-ion detector at the CERN LHC which focuses on QCD, the strong-interaction sector of the Standard Model. It is designed to address the physics of strongly interacting matter and the quark-gluon plasma at extreme values of energy density and temperature in nucleus-nucleus collisions. Besides running with Pb ions, the physics programme includes collisions with lighter ions, lower energy running and dedicated proton-nucleus runs. ALICE will also take data with proton beams at the top LHC energy to collect reference data for the heavy-ion programme and to address several QCD topics for which ALICE is complementary to the other LHC detectors. The ALICE detector has been built by a collaboration including currently over 1000 physicists and engineers from 105 Institutes in 30 countries. Its overall dimensions are 16 x 16 x 26 m3 with a total weight of approximately 10 000 t. The experiment consists of 18 different detector systems each with its own specific technology choice and design constraints, driven both by the physics requirements and the experimental conditions expected at LHC. The most stringent design constraint is to cope with the extreme particle multiplicity anticipated in central Pb-Pb collisions. The different subsystems were optimized to provide high-momentum resolution as well as excellent Particle Identification (PID) over a broad range in momentum, up to the highest multiplicities predicted for LHC. This will allow for comprehensive studies of hadrons, electrons, muons, and photons produced in the collision of heavy nuclei. Most detector systems are scheduled to be installed and ready for data taking by mid-2008 when the LHC is scheduled to start operation, with the exception of parts of the Photon Spectrometer (PHOS), Transition Radiation Detector (TRD) and Electro Magnetic Calorimeter (EMCal). These detectors will be completed for the high-luminosity ion run expected in 2010. This paper describes in detail the detector components as installed for the first data taking in the summer of 2008.}
}

@article{RHIC_2020,
    title         = {Underlying event measurements in $p+p$ collisions at $\sqrt{s}=200$ GeV at RHIC},
    author        = {STAR Collaboration},
    collaboration = {STAR Collaboration},
    journal       = {Physical Review D},
    volume        = {101},
    issue         = {5},
    number        = {5},
    pages         = {052004},
    numpages      = {9},
    year          = {2020},
    month         = {3},
    publisher     = {American Physical Society (APS)},
    doi           = {10.1103/PhysRevD.101.052004},
    url           = {https://link.aps.org/doi/10.1103/PhysRevD.101.052004},
    ISSN          = {2470-0029},
}

@article{ALICE_2017_pp,
    author        = {The ALICE Collaboration},
    collaboration = {ALICE},
    title         = {Enhanced production of multi-strange hadrons in high-multiplicity proton-proton collisions},
    eprint        = {1606.07424},
    archivePrefix = {arXiv},
    primaryClass  = {nucl-ex},
    reportNumber  = {CERN-EP-2016-153},
    doi           = {10.1038/nphys4111},
    journal       = {Nature Physics},
    volume        = {13},
    number        = {6},
    pages         = {535--539},
    year          = {2017},
    ISSN          = {1745-2481},
    url           = {http://dx.doi.org/10.1038/nphys4111},
    DOI           = {10.1038/nphys4111},
    publisher     = {Springer Science and Business Media LLC},
    month         = {4}
}

@article{ALICE_2024_pp_pPb_PbPb,
    title     = {Charged-particle production as a function of the relative transverse activity classifier in pp, p–Pb, and Pb–Pb collisions at the LHC},
    volume    = {2024},
    ISSN      = {1029-8479},
    url       = {http://dx.doi.org/10.1007/JHEP01(2024)056},
    DOI       = {10.1007/jhep01(2024)056},
    number    = {1},
    journal   = {Journal of High Energy Physics},
    publisher = {Springer Science and Business Media LLC},
    author    = {The ALICE Collaboration},
    year      = {2024},
    month     = {1}
}

@inproceedings{Salgado_2009,
    title         = {Lectures on high-energy heavy-ion collisions at the LHC},
    author        = {Carlos A. Salgado},
    booktitle     = {2008 European School of High-Energy Physics},
    eprint        = {0907.1219},
    archivePrefix = {arXiv},
    primaryClass  = {hep-ph},
    pages         = {239--280},
    month         = {7},
    year          = {2009},
    url           = {https://arxiv.org/abs/0907.1219},
    url           = {https://cds.cern.ch/record/1183649},
    doi           = {10.5170/CERN-2009-002.239}
}

@article{Toia_2013,
    author   = {Toia, Alberica},
    title    = {Participants and spectators at the heavy-ion fireball},
    journal  = {CERN Courier},
    volume   = {53},
    number   = {4},
    pages    = {31-34},
    year     = {2013},
    month    = {5},
    url      = {https://cds.cern.ch/record/2772402/files/centrality-new.png},
    url      = {https://cds.cern.ch/record/1734942},
    abstract = {On the left, a schematic representation of the collision \textit{centrality}. The ions may collide head-on or may only partially overlap at the collision stage, so in the overlap region there are conditions that facilitate QGP formation. On the right, the collision centrality promotes a characteristic initial shape in the transverse plane to the formed medium, that tends to be more lenticular as the collisions are more head-on or central \cite{centralcern, flowcoeff}.},
}

@article{Andronic_2014,
    title         = {An overview of the experimental study of quark–gluon matter in high-energy nucleus–nucleus collisions},
    volume        = {29},
    ISSN          = {1793-656X},
    url           = {http://dx.doi.org/10.1142/S0217751X14300476},
    DOI           = {10.1142/s0217751x14300476},
    number        = {22},
    journal       = {International Journal of Modern Physics A},
    publisher     = {World Scientific Pub Co Pte Lt},
    author        = {Andronic, Anton},
    year          = {2014},
    month         = {8},
    pages         = {31},
    eprint        = {1407.5003},
    archivePrefix = {arXiv},
}

@thesis{Strazzi_2019,
    title      = {Studio di tecniche di machine learning per la ricostruzione del barione charmato {\ensuremath{\Lambda}}c in ALICE ad LHC},
    author     = {Sofia Strazzi},
    url        = {http://amslaurea.unibo.it/19155/},
    type       = {Laurea},
    school     = {Università di Bologna},
    year       = {2019},
    month      = {10},
    address    = {Bologna, Italia},
    note       = {Corso di Studio in Fisica [L-DM270]},
    keywords   = {machine learning, tagli rettangolari, reti neurali, boosted decision tree, confronto, quark-gluon plasma, ALICE, analisi multivariata},
    supervisor = {Andrea Alici},
    abstract   = {L'esperimento ALICE (A Large Ion Collider Experiment), situato al Large Hadron Collider (LHC) del CERN, {\`e} dedicato allo studio delle collisioni tra ioni pesanti ultrarelativistici, in particolare di ioni di piombo, fino ad energie di 5.5 TeV per coppia di nucleoni nel centro di massa. L'obbiettivo principale dell'esperimento {\`e} indagare lo stato della materia che si forma in condizioni di alta temperatura e densit{\`a} di energia, noto come Quark-Gluon Plasma (QGP). Il QGP risulta essere difficilmente osservabile e avendo una vita media estremamente breve, le prove della sua esistenza sono tutte dovute a misure indirette. Uno degli strumenti fondamentali per investigare le sue propriet{\`a} {\`e} lo studio dei quark pesanti. Essi infatti, grazie alle loro masse elevate, vengono prodotti nelle primissime fasi della collisione e, propagandosi all'interno del mezzo, interagiscono con i suoi costituenti durante tutta l'evoluzione del sistema, fornendo misure sulle sue propriet{\`a}. In particolare, in questa tesi {\`e} stato preso in considerazione il barione charmato {\ensuremath{\Lambda}}c{\^{ }}\{+\} nel suo canale di decadimento {\ensuremath{\Lambda}}c{\^{ }}\{+\} {$\rightarrow$} p + Ks{\^{ }}\{0\}. A causa delle breve vita media e del basso rapporto tra segnale e fondo, la ricostruzione di tale particella risulta complicata e si rende necessario l?uso di tecniche di analisi multivariata, che permettono di considerare contemporaneamente e indipendentemente pi{\`u} variabili per evento, e di sfruttare tutte le informazioni disponibili attraverso metodi di machine learning. Nella presente tesi sono state analizzate e confrontate tre diverse tecniche per l?estrazione del segnale: i tagli rettangolari, le reti neurali e i Boosted Decision Tree (BDT). Viene in particolare riportata una descrizione dei tre metodi, compresi i principi di funzionamento e i parametri di configurazione adottati, e un confronto tra le loro performance.},
}

@misc{RS_2011,
    author = {Klaus Reygers and Johanna Stachel},
    title  = {Lectures on Quark-Gluon Plasma},
    title  = {6. Space-Time Evolution of QGP},
    year   = {2011},
    url    = {https://cds.cern.ch/record/2716280/files/CERN-THESIS-2019-335.pdf},
    url    = {https://www.physi.uni-heidelberg.de/~reygers/lectures/2011/qgp/qgp_lecture_ss2011.html},
    url    = {https://www.physi.uni-heidelberg.de/~reygers/lectures/2011/qgp/qgp_06_space_time_evo.pdf},
    note   = {Accessed: 2024-10-08}
}

@article{CSS_2004,
    title         = {Factorization of Hard Processes in QCD}, 
    author        = {John C. Collins and Davison E. Soper and George Sterman},
    journal       = {Adv. Ser. Direct. High Energy Phys.},
    year          = {2004},
    eprint        = {hep-ph/0409313},
    archivePrefix = {arXiv},
    primaryClass  = {hep-ph},
    url           = {https://arxiv.org/abs/hep-ph/0409313},
    reportNumber  = {ITP-SB-89-31},
    doi           = {10.1142/9789814503266_0001},
    volume        = {5},
    pages         = {1--91},
}

@thesis{Fusconi_2022,
    author      = {Matteo Fusconi},
    title       = {Studio di tecniche di estrazione del segnale per barioni ${\ensuremath{\Lambda}^+_c}$ ricostruiti nell’esperimento ALICE},
    type        = {Laurea},
    school      = {Università di Bologna},
    year        = {2022},
    month       = {9},
    address     = {Bologna, Italia},
    note        = {Corso di Studio in Fisica [L-DM270]},
    url         = {https://amslaurea.unibo.it/id/eprint/26546},
    keywords    = {Analisi dati, Fisica delle particelle, ALICE, Estrazione del segnale, Machine learning, TMVA, BDT, template rotazionale},
    supervisor  = {Andrea Alici},
    abstract    = {Le recenti analisi dei dati raccolti ad ALICE dimostrano che la nostra comprensione dei fenomeni di adronizzazione dei sapori pesanti {\`e} ancora incompleta, perch{\'e} le misure effettuate su collisioni pp, p-Pb e Pb-Pb non sono riproducibili da modelli teorici basati su altre tipologie di collisione come e+e?. In particolare, i risultati sembrano indicare che il principio di universalit{\`a}, che assume che le funzioni di frammentazione di quark e gluoni siano indipendenti dal tipo di sistema interagente, non sia valido. Per questo motivo sono stati sviluppati nuovi modelli teorici e fenomenologici, capaci di riprodurre in modo pi{\`u} o meno accurato i dati sperimentali. Questi modelli differiscono tra di loro soprattutto a bassi valori di impulso trasverso pT . L?analisi dati a basso pT si rivela dunque di fondamentale importanza, in quanto permette di discriminare, tra i vari modelli, quelli che sono realmente in grado di riprodurre i dati sperimentali e quelli che non lo sono. Inoltre pu{\`o} fornire una conferma sperimentale dei fenomeni fisici su cui tale modello si basa. In questa tesi {\`e} stato estratto il numero di barioni {\ensuremath{\Lambda}}+c (yield ) prodotto in collisioni pp a {$\sqrt{}$}s = 13 TeV , nel range di impulso trasverso 0 {\ensuremath{<}} pT ({\ensuremath{\Lambda}}+c ) {\ensuremath{<}} 1 GeV/c. {\'E} stato fatto uso di una tecnica di machine learning che sfrutta un algoritmo di tipo Boosted Decision Trees (BDT) implementato dal pacchetto TMVA, al fine di identificare ed eliminare una grossa parte del fondo statistico e semplificare notevolmente l?analisi vera e propria. Il grado di attendibilit{\`a} della misura {\`e} stata verificata eseguendo l?estrazione dello yield con due approcci diversi: il primo, modellando il fondo combinatoriale con una funzione analitica; successivamente con la creazione di un template statistico creato ad hoc con la tecnica delle track rotations.}
}

@book{Vogt_2007,
    title     = {Ultrarelativistic heavy-ion collisions},
    author    = {Vogt, Ramona},
    year      = {2007},
    address   = {Amsterdam},
    publisher = {Elsevier},
    isbn      = {978-0-444-52196-5},
    url       = {https://shop.elsevier.com/books/ultra
                 relativistic-heavy-ion-collisions/vogt/978-0-444-52196-5},
}

@inproceedings{Kalteyer_ALICE_2022,
    author         = {Kalteyer, Annalena Sophie},
    collaboration  = {ALICE},
    title          = {Charm production and hadronization in pp and p-Pb collisions at the LHC with ALICE},
    booktitle      = {29th International Workshop on Deep-Inelastic Scattering and Related Subjects},
    eprint         = {2207.07590},
    archivePrefix  = {arXiv},
    primaryClass   = {nucl-ex},
    month          = {7},
    year           = {2022},
    url            = {https://cds.cern.ch/record/2816113},
    url            = {https://arxiv.org/abs/2207.07590},
    note           = {Proceedings of DIS2022: XXIX International Workshop on Deep-Inelastic Scattering and Related Subjects, Santiago de Compostela, Spain, 2-6 May 2022},
}

@article{ALICE_2018_pp7Tev_pPb5.02TeV,
    title         = {{$\Lambda_{c}^+$ production in pp collisions at $\sqrt{s} = 7$ TeV and in p-Pb collisions at $\sqrt{s_{NN}} = 5.02$ TeV}},
    volume        = {2018},
    ISSN          = {1029-8479},
    url           = {https://cds.cern.ch/record/2298650},
    url           = {http://dx.doi.org/10.1007/JHEP04(2018)108},
    DOI           = {10.1007/jhep04(2018)108},
    number        = {4},
    journal       = {Journal of High Energy Physics},
    publisher     = {Springer Science and Business Media LLC},
    author        = {The ALICE Collaboration},
    collaboration = {ALICE},
    year          = {2018},
    month         = {4},
    eprint        = {1712.09581},
    archivePrefix = {arXiv},
    primaryClass  = {nucl-ex},
    reportNumber  = {CERN-EP-2017-339},
    pages         = {108},
    note          = {39 pages, 12 captioned figures, 5 tables, authors from page 34, published version, figures at http://aliceinfo.cern.ch/ArtSubmission/node/4141}
}

@article{ALICE_2021_pp5.02TeV_pPb5.02TeV_prod_ratio,
    author        = {The ALICE Collaboration},
    collaboration = {ALICE},
    title         = {{$\Lambda_c^+$ production and baryon-to-meson ratios in pp and p-Pb collisions at $\sqrt{s_{NN}}$ = 5.02 TeV at the LHC}},
    eprint        = {2011.06078},
    archivePrefix = {arXiv},
    primaryClass  = {nucl-ex},
    reportNumber  = {CERN-EP-2020-217},
    doi           = {10.1103/PhysRevLett.127.202301},
    journal       = {Physical Review Letters},
    publisher     = {American Physical Society (APS)},
    volume        = {127},
    number        = {20},
    pages         = {202301},
    year          = {2021},
    url           = {https://cds.cern.ch/record/2743731},
    url           = {http://dx.doi.org/10.1103/PhysRevLett.127.202301},
    ISSN          = {1079-7114},
    month         = {11},
    note          = {20 pages, 2 captioned figures, authors from page 14, published version, figures at http://alice-publications.web.cern.ch/node/6702}
}

@article{ALICE_2021_pp5.02TeV_pPb5.02TeV_prod,
    author        = {The ALICE Collaboration},
    collaboration = {ALICE},
    title         = {{$\Lambda^+_c$ production in pp and in p-Pb collisions at $\sqrt {s_{NN}}$ = 5.02 TeV}},
    eprint        = {2011.06079},
    archivePrefix = {arXiv},
    primaryClass  = {nucl-ex},
    reportNumber  = {CERN-EP-2020-218},
    doi           = {10.1103/PhysRevC.104.054905},
    journal       = {Physical Review C},
    volume        = {104},
    number        = {5},
    pages         = {054905},
    year          = {2021},
    month         = {11},
    ISSN          = {2469-9993},
    url           = {https://cds.cern.ch/record/2743732},
    url           = {http://dx.doi.org/10.1103/PhysRevC.104.054905},
    publisher     = {American Physical Society (APS)},
    note          = {38 pages, 13 captioned figures, 3 tables, authors from page 33, published version, figures at http://alice-publications.web.cern.ch/node/6701}
}

@article{ALICE_2022_pp13TeV,
    author        = {The ALICE Collaboration},
    collaboration = {ALICE},
    title         = {Measurement of prompt D$^{0}$, $\Lambda_{c}^{+}$, and $\Sigma_{c}^{0,++}$(2455) production in pp collisions at $\sqrt s$ = 13 TeV},
    eprint        = {2106.08278},
    archivePrefix = {arXiv},
    primaryClass  = {hep-ex},
    reportNumber  = {CERN-EP-2021-103},
    doi           = {10.1103/PhysRevLett.128.012001},
    journal       = {Physical Review Letters},
    publisher     = {American Physical Society (APS)},
    volume        = {128},
    number        = {1},
    pages         = {012001},
    year          = {2022},
    month         = {1},
    url           = {https://cds.cern.ch/record/2766124},
    url           = {http://dx.doi.org/10.1103/PhysRevLett.128.012001},
    note          = {20 pages, 2 captioned figures + 2 captioned figures in appendix, authors from page 12, published version, figures at http://alice-publications.web.cern.ch/node/7197},
    ISSN          = {1079-7114},
}

@misc{ALICE_2023_pp5.02TeV_pp7TeV_pp13TeV,
    author = {The ALICE Collaboration},
    title  = {Measurement of $\Lambda_c^+ / D^0$ production ratio in pp collisions at $\sqrt{s} = 13$ TeV},
    year   = {2023},
    url    = {https://alice-publications.web.cern.ch/sites/default/files/papers/9560/LcD0_onlyData.pdf},
    note   = {ALICE Public Note},
}

@article{SCR_2014,
    author        = {Skands, Peter and Carrazza, Stefano and Rojo, Juan},
    title         = {Tuning PYTHIA 8.1: the Monash 2013 Tune},
    eprint        = {1404.5630},
    archivePrefix = {arXiv},
    primaryClass  = {hep-ph},
    reportNumber  = {CERN-PH-TH-2014-069, MCNET-14-08, OUTP-14-05P},
    doi           = {10.1140/epjc/s10052-014-3024-y},
    journal       = {The European Physical Journal C},
    publisher     = {Springer Science and Business Media LLC},
    volume        = {74},
    number        = {8},
    ISSN          = {1434-6052},
    pages         = {3024},
    year          = {2014},
    month         = {8},
    url           = {http://cds.cern.ch/record/1695787},
    url           = {http://dx.doi.org/10.1140/epjc/s10052-014-3024-y},
    note          = {Comments: 57 pages},
}

@article{CS_2015,
    author        = {Christiansen, Jesper R. and Skands, Peter Z.},
    title         = {{String formation beyond leading colour}},
    eprint        = {1505.01681},
    archivePrefix = {arXiv},
    primaryClass  = {hep-ph},
    reportNumber  = {COEPP-MN-15-1, LU-TP-15-16, MCNET-15-09, COEPP-MN-15-1, LU-TP-15-16, MCNET-15-09},
    doi           = {10.1007/JHEP08(2015)003},
    ISSN          = {1029-8479},
    journal       = {Journal of High Energy Physics},
    publisher     = {Springer Science and Business Media LLC},
    volume        = {8},
    number        = {8},
    pages         = {003},
    year          = {2015},
    month         = {8},
    url           = {https://cds.cern.ch/record/2014847},
    url           = {http://dx.doi.org/10.1007/JHEP08(2015)003},
    note          = {49 pages, 22 figures}
}

@article{MR_2019,
    author        = {He, Min and Rapp, Ralf},
    title         = {{Charm-baryon production in proton-proton collisions}},
    eprint        = {1902.08889},
    archivePrefix = {arXiv},
    primaryClass  = {nucl-th},
    doi           = {10.1016/j.physletb.2019.06.004},
    ISSN          = {0370-2693},
    journal       = {Physics Letters B},
    publisher     = {Elsevier BV},
    volume        = {795},
    pages         = {117--121},
    year          = {2019},
    month         = {8},
    keywords      = {Heavy flavor production, Proton-proton collisions, Charm baryons, Nuclear Theory, High Energy Physics - Experiment, High Energy Physics - Phenomenology, Nuclear Experiment},
    adsurl        = {https://ui.adsabs.harvard.edu/abs/2019PhLB..795..117H},
    url           = {http://dx.doi.org/10.1016/j.physletb.2019.06.004}
}

@article{PMDCG_2018,
    author        = {Plumari, Salvatore and Minissale, Vincenzo and Das, Santosh K. and Coci, G. and Greco, V.},
    title         = {Charmed hadrons from coalescence plus fragmentation in relativistic nucleus-nucleus collisions at RHIC and LHC},
    eprint        = {1712.00730},
    archivePrefix = {arXiv},
    primaryClass  = {hep-ph},
    doi           = {10.1140/epjc/s10052-018-5828-7},
    ISSN          = {1434-6052},
    journal       = {The European Physical Journal C},
    publisher     = {Springer Science and Business Media LLC},
    volume        = {78},
    number        = {4},
    pages         = {348},
    year          = {2018},
    month         = {4},
    adsurl        = {https://ui.adsabs.harvard.edu/abs/2018EPJC...78..348P},
    url           = {http://dx.doi.org/10.1140/epjc/s10052-018-5828-7}
}

@article{SLS_2018_QCM,
    author        = {Song, Jun and Li, Hai-hong and Shao, Feng-lan},
    title         = {{New feature of low $p_{T}$ charm quark hadronization in $pp$ collisions at $\sqrt{s}=7$ TeV}},
    eprint        = {1801.09402},
    archivePrefix = {arXiv},
    primaryClass  = {hep-ph},
    doi           = {10.1140/epjc/s10052-018-5817-x},
    journal       = {The European Physical Journal C},
    volume        = {78},
    number        = {4},
    pages         = {344},
    year          = {2018},
    month         = {4},
    ISSN          = {1434-6052},
    url           = {http://dx.doi.org/10.1140/epjc/s10052-018-5817-x},
    publisher     = {Springer Science and Business Media LLC},
}

@article{BDPPMN_2023_POWLANG,
    author        = {Beraudo, Andrea and De Pace, Arturo and Pablos, Daniel and Prino, Francesco and Monteno, Marco and Nardi, Marzia},
    title         = {{Heavy-flavor transport and hadronization in pp collisions}},
    eprint        = {2306.02152},
    archivePrefix = {arXiv},
    primaryClass  = {hep-ph},
    doi           = {10.1103/PhysRevD.109.L011501},
    journal       = {Phys. Rev. D},
    volume        = {109},
    number        = {1},
    pages         = {L011501},
    year          = {2023},
    url           = {https://arxiv.org/abs/2306.02152}, 
}

@misc{ALICE_2023_pp13TeV,
    author = {The ALICE Collaboration},
    title  = {Measurement of $\Lambda_c^+ / D^0$ production ratio in pp collisions at $\sqrt{s} = 13$ TeV with model comparisons},
    year   = {2023},
    url    = {https://alice-publications.web.cern.ch/sites/default/files/papers/9560/LcD0ratio_withModels_withPOWLANG.pdf},
    note   = {ALICE Public Note},
}

%-----------------------------CAPITOLO 2
@misc{Lopienska_2022,
    author = {Lopienska, Ewa},
    title  = {The CERN accelerator complex, layout in 2022. Complexedes accélérateurs du CERN en janvier 2022},
    year   = {2022},
    url    = {https://cds.cern.ch/record/2800984},
    note   = {General Photo},
}

@unpublished{Tauro_2017,
    author = {Tauro, Arturo},
    title  = {ALICE Schematics},
    year   = {2017},
    url    = {https://cds.cern.ch/record/2263642},
    note   = {General Photo},
}

@online{Gagliardi_2019,
    author = {Gagliardi, Martino},
    title  = {Overview of ALICE results},
    year   = {2019},
    month  = {8},
    url    = {https://indico.cern.ch/event/754973/contributions/3535438/attachments/1896165/3128363/Gagliardi_ICNFP_220819_v6.pdf},
    note   = {Presentation at the 8th International Conference on New Frontiers in Physics (ICNFP 2019)},
}

@thesis{Korcari_2017,
    title      = {Analisi del segnale temporale del sistema a tempo di volo dell'esperimento ALICE a LHC per le procedure di controllo di qualita dei dati},
    author     = {William Korcari},
    abstract   = {Come migliorare l'algoritmo di Quality Assurance per il rivelatore TOF dell'esperimento ALICE ad LHC? Nel corso di questo elaborato si passer{\`a} attraverso una breve introduzione del Modello Standard e della fisica di cui si occupa l'esperimento ALICE a LHC, che illustrer{\`a} secondo quali principi l'apparato {\`e} stato costruito e quali sono i fenomeni di cui si va alla ricerca: il QGP, mostrato attraverso le sue molteplici conseguenze, da "Quarkonia" al "Jet Quenching". Verr{\`a} introdotto l'acceleratore di particelle LHC che ospita l'esperimento ALICE e i suoi rivelatori, protagonisti assoluti nello studio sul QGP e si porter{\`a} il focus sulla descrizione del rivelatore a tempo di volo TOF, dei suoi principi di funzionamento e delle sue caratteristiche significative per questo lavoro di tesi. Quindi si entrer{\`a} nel vivo della ottimizzazione dell'algoritmo di Quality Assurance, se ne vedr{\`a} lo stato attuale e la sua evoluzione nel tentativo di produrre una sua versione migliorata e pi{\`u} efficiente. Infine si confronteranno i risultati del nuovo algoritmo con la sua versione iniziale per valutare l'entit{\`a} del miglioramento apportato.},
    url        = {http://amslaurea.unibo.it/14607/},
    keywords   = {TOF, Quality Assurance, ALICE, CERN, QPG},
    school     = {Università di Bologna},
    year       = {2017},
    month      = {12},
    day        = {1},
    note       = {Tesi di laurea, Corso di Studio in Fisica (L-DM270)},
    type       = {Tesi di laurea (Laurea)},
    supervisor = {Arcelli, Silvia},
    advisor    = {Neri, Francesco},
    keywords   = {TOF, Quality Assurance, ALICE, CERN, QGP},
    url        = {https://amslaurea.unibo.it/id/eprint/14607},
}

@inproceedings{ALICE-pp13.6TeV-performance,
    author        = {Koley, Hirak Kumar},
    collaboration = {ALICE},
    title         = {Study of Resonance Production using Run 3 pp Collisions with ALICE},
    archivePrefix = {arXiv},
    primaryClass  = {hep-ex},
    eprint        = {2409.20422},
    year          = {2024},
    month         = {9},
    url           = {https://cds.cern.ch/record/2912265},
    note          = {3 pages, 7 figures, The 42nd International Conference on High Energy Physics, ICHEP 2024},
    institution   = {CERN},
    booktitle     = {42nd International Conference on High Energy Physics},
    url           = {https://arxiv.org/abs/2409.20422}, 
}

@article{ALICE_TOF_2017,
    title         = {Determination of the event collision time with the ALICE detector at the LHC},
    volume        = {132},
    ISSN          = {2190-5444},
    url           = {http://dx.doi.org/10.1140/epjp/i2017-11279-1},
    DOI           = {10.1140/epjp/i2017-11279-1},
    number        = {2},
    journal       = {The European Physical Journal Plus},
    publisher     = {Springer Science and Business Media LLC},
    author        = {The ALICE Collaboration},
    year          = {2017},
    month         = {2},
    collaboration = {ALICE},
    url           = {https://cds.cern.ch/record/2224138},
    note          = {21 pages, 9 captioned figures, 2 tables, authors from page 16, published version, figures at http://aliceinfo.cern.ch/ArtSubmission/node/3172},
    pages         = {99},
    doi           = {10.1140/epjp/i2017-11279-1},
    reportNumber  = {CERN-EP-2016-253},
    primaryClass  = {physics.ins-det},
    archivePrefix = {arXiv},
    eprint        = {1610.03055},
}

@misc{ALICE-PbPb5.02TeV-performance,
    author = {The ALICE Collaboration},
    title  = {ALICE Performance, Figure 9150},
    year   = {2023},
    url    = {https://alice-figure.web.cern.ch/node/9150},
    note   = {Retrieved from ALICE Figure Database},
}

%-----------------------------CAPITOLO 3
@article{PYTHIA8_2013_data_simul,
    author        = {Ciesielski, Robert and Goulianos, Konstantin},
    editor        = {Limosani, Antonio},
    title         = {MBR Monte Carlo Simulation in PYTHIA8},
    eprint        = {1205.1446},
    archivePrefix = {arXiv},
    primaryClass  = {hep-ph},
    doi           = {10.22323/1.174.0301},
    journal       = {PoS},
    volume        = {ICHEP2012},
    pages         = {301},
    year          = {2013},
    url           = {https://arxiv.org/abs/1205.1446},
}

@manual{GEANT3_1994,
    author       = {CERN Application Software Group},
    author       = {Brun, R and Bruyant, F and Maire, M and McPherson, A C and Zanarini, P},
    title        = {GEANT: Detector Description and Simulation Tool},
    title        = {GEANT 3: user's guide Geant 3.10, Geant 3.11; rev. version},
    publisher    = {CERN},
    address      = {Geneva},
    year         = {1987},
    url          = {https://cds.cern.ch/record/1119728},
    organization = {CERN},
    address      = {Geneva, Switzerland},
    year         = {1987},
    note         = {CERN Program Library Long Writeup W5013}
}

@online{TensorFlow,
    author = {TensorFlow Developers},
    title  = {TensorFlow},
    url    = {https://zenodo.org/records/6574269},
}

@online{Keras,
    title  = {Deep learning with Python},
    author = {Francois Chollet},
    url    = {https://www.simonandschuster.com/books/Deep-Learning-with-Python/Francois-Chollet/9781617294433},
}

@online{ASWTKGAR_2020_MIT_AI_ML_DL,
    author = {Alexander Amini and Ava Soleimany and Michael Wornow and Lisa Tse and Pieter-Jan Kindermans and Xavier Garcia-Alvarez and Daniela Rus},
    title  = {Introduction to Deep Learning},
    year   = {2023},
    url    = {http://introtodeeplearning.com/},
    note   = {Online course by MIT},
}

@incollection{Manaswi_2018,
    author    = {Navin Kumar Manaswi},
    title     = {Understanding and working with Keras},
    booktitle = {Deep learning with applications using Python: Chatbots and face, object, and speech recognition with TensorFlow and Keras},
    year      = {2018},
    pages     = {31--43},
    publisher = {Apress},
    url       = {https://www.hlevkin.com/hlevkin/45MachineDeepLearning/DL/Deep%20Learning%20with%20Applications%20Using%20Python.pdf},
    url       = {https://link.springer.com/book/10.1007/978-1-4842-3516-4},
}